<record><leader>00000cas a22000007a 4500</leader><controlfield tag="001">11192541</controlfield><controlfield tag="008">840924d18781878nyumr ne      0    0eng d</controlfield><controlfield tag="009">148</controlfield><datafield ind1=" " ind2=" " tag="010"><subfield code="a">sn 84031543 </subfield></datafield><datafield ind1=" " ind2=" " tag="040"><subfield code="a">NYG</subfield><subfield code="b">eng</subfield><subfield code="c">NYG</subfield><subfield code="d">NYS</subfield><subfield code="d">NYG</subfield><subfield code="d">NYS</subfield><subfield code="d">OCLCQ</subfield></datafield><datafield ind1="1" ind2=" " tag="029"><subfield code="a">AU@</subfield><subfield code="b">000020593085</subfield></datafield><datafield ind1=" " ind2=" " tag="042"><subfield code="a">msc</subfield></datafield><datafield ind1="0" ind2=" " tag="130"><subfield code="a">Courier (Cuba, N.Y.)</subfield></datafield><datafield ind1="0" ind2="4" tag="245"><subfield code="a">The Courier.</subfield></datafield><datafield ind1=" " ind2=" " tag="260"><subfield code="a">Cuba, N.Y. :</subfield><subfield code="b">[R.W. Burnett],</subfield><subfield code="c">1878.</subfield></datafield><datafield ind1=" " ind2=" " tag="300"><subfield code="a">1 v. ;</subfield><subfield code="c">17 cm.</subfield></datafield><datafield ind1=" " ind2=" " tag="310"><subfield code="a">Monthly</subfield></datafield><datafield ind1="0" ind2=" " tag="362"><subfield code="a">Vol. 2, no. 2 (Feb. 1878)- = Whole no. 8-</subfield></datafield><datafield ind1="1" ind2=" " tag="362"><subfield code="a">Ceased with: Vol. 2, no. 6 (June 1878) = Whole no. 12?</subfield></datafield><datafield ind1=" " ind2=" " tag="500"><subfield code="a">"Perge mode."</subfield></datafield><datafield ind1=" " ind2=" " tag="515"><subfield code="a">"This issue [June, 1878] will be the last one -- for a short time. We shall make a temporary suspension, and reappear next January -- at least that is what we intend to do."</subfield></datafield><datafield ind1=" " ind2=" " tag="530"><subfield code="a">Available on microfilm from Micro Photo Division, Bell and Howell, Co.</subfield></datafield><datafield ind1=" " ind2=" " tag="500"><subfield code="a">Editor: R.W. Burnett, 1878-</subfield></datafield><datafield ind1=" " ind2="4" tag="651"><subfield code="a">Cuba (N.Y.)</subfield><subfield code="v">Newspapers.</subfield></datafield><datafield ind1=" " ind2=" " tag="752"><subfield code="a">United States</subfield><subfield code="b">New York</subfield><subfield code="c">Allegany</subfield><subfield code="d">Cuba.</subfield></datafield><datafield ind1="0" ind2="0" tag="780"><subfield code="t">Amateur courier</subfield><subfield code="w">(DLC)sn 84031542</subfield></datafield></record>